see http://en.wikipedia.org/wiki/Bibtex#Examples
and http://www.bibtex.org/Using/

HOW TO CITE
~\cite{XXX}
replace XXX with for example ex1-tutorial-lecture to cite the Tutorial Lecture
SEE ALSO http://en.wikibooks.org/wiki/LaTeX/Bibliography_Management#Citations


@misc{compendium,
title = "Lab Assignments in TDT4255 Computer Design",
institution = "Department of Computer and Information Science, NTNU",
author = "Computer Architecture and Design Group",
howpublished = "\url{http://www.idi.ntnu.no/emnr/tdt4255/_media/kompendium.pdf}",
note = "Version 3, 2013-08-07",
}

@misc{assignment-1,
title = "Report for Assignment \#1, TDT4255 Computer Design, NTNU",
institution = "Department of Computer and Information Science, NTNU",
author = "Sigve Sebastian Farstad\, Rune Holmgren and Odd Magnus Trondrud",
howpublished = "\url{http://www.github.com/dmkons/reports/01/report.pdf}"
}

@book{vhdl2008,
author = "IEEE Computer Society",
title = "IEEE Std 1076â„¢-2008 - IEEE Standard VHDL Language Reference Manual",
year = "2009",
publisher = "IEEE",
address = "3 Park Avenue, New York, NY 10016-5997, USA"
}
