see http://en.wikipedia.org/wiki/Bibtex#Examples
and http://www.bibtex.org/Using/

HOW TO CITE
~\cite{XXX}
replace XXX with for example ex1-tutorial-lecture to cite the Tutorial Lecture
SEE ALSO http://en.wikibooks.org/wiki/LaTeX/Bibliography_Management#Citations


@misc{compendium,
title = "Lab Assignments in TDT4255 Computer Design",
institution = "Department of Computer and Information Science, NTNU",
author = "Computer Architecture and Design Group",
howpublished = "\url{http://www.idi.ntnu.no/emnr/tdt4255/_media/kompendium.pdf}",
note = "Version 3, 2013-08-07",
}


@misc{VHDL-style-guide,
title = "ALSE's VHDL Design Rules & Coding Style",
institution = "ALSE",
author = "Bert Cuzeau",
howpublished = "\url{http://www.alse-fr.com/archive/VHDL_Coding_eng.pdf}",
}

@misc{mips-instruction-coding,
title = "MIPS Instruction Coding",
author = "Gary Shute and Larry Wittie",
howpublished="\url{http://www.cs.sunysb.edu/~cse320/MIPS_Instruction_Coding_With_Hex.pdf}",
}

@manual{mips-instruction-set,
howpublished = "\url{http://math-atlas.sourceforge.net/devel/assembly/mips-iv.pdf}", 
title = "MIPS IV Instruction set",
year = "1995",
month = "September",
author = "Charles Price", 
note = "Revision 0.95",
institution = "MIPS Technologies inc",
}